@string{ATC		= "Proceedings of {USENIX} Annual Technical Conference"}
@string{USS 		= "Proceedings of the {USENIX} Security Symposium"}
@string{DSN 		= "Proceedings of the {IEEE/IFIP} International Conference on Dependable Systems and Networks"}
@string{CCS 		= "{Proceedings of the ACM SIGSAC Conference on Computer and Communications Security}"}      
@string{SOSP 		= "Proceedings of the {ACM} Symposium on Operating Systems Principles"} 
@string{PRDC 		= "Proceedings of the {IEEE} Pacific Rim International Symposium on Dependable Computing"}
@string{SP 		= "Proceedings of the {IEEE} Symposium on Security and Privacy"}
@string{SRDS 		= "Proceedings of the {IEEE} Symposium on Reliable Distributed Systems"}
@string{OSDI		= "Proceedings of the {USENIX} Symposium on Operating Systems Design and Implementation"}
@string{NSDI		= "Proceedings of the {USENIX} Symposium on Networked Design and Implementation"}
@string{EUROSYS 	= "Proceedings of the ACM European Conference on Computer Systems"}
@string{NDSS		= "Proceedings of the Network and Distributed System Security Symposium"}

%JOURNALS
@string{TDSC    	= "IEEE Transactions on Dependable and Secure Computing"}  
@string{TR 		= "IEEE Transactions on Reliability"}
@string{TPDS   	 	= "IEEE Transactions on Parallel and Distributed Systems"}
@string{IEEECSP 	= "IEEE Computer Society"}
@string{TSP		= "IEEE Security \& Privacy"}
@string{TAAS 		= "ACM Transactions Autonomous Adaptive Systems"}      
@string{TOCS 		= "ACM Transactions on Computer Systems"}   
@string{tiss    	= "ACM Transactions on Information and System Security"}
@string{COM		= "Communications of the ACM"}  
@string{lncs    	= "Lecture Notes in Computer Science"}
@string{spring  	= "Springer-Verlag"}
@String{compsurv    = "ACM Computing Surveys"}

@string{DATE 		= "Accessed: 2019-2-11"} 

@ARTICLE{Thorndike:1953,
	author = {R. Thorndike},
	title = {{Who Belongs in the Family}},
	journal = {Psychometrika},
	year = {1953},
	pages = {267--276},
	volume= {18},
	number={4},
}

@article{Reed:1960,
	author = {Reed, I. and Solomon, G.},
	number = {2},
	pages = {300--304},
	publisher = {SIAM},
	title = {Polynomial {C}odes {O}ver {C}ertain {F}inite {F}ields},
	volume = {8},
	journal={Journal of the Society for Industrial and Applied Mathematics},
	year = {1960}
}


@InProceedings{Randell:1975,
	author =	 {Brian Randell},
	title =	 {{System Structure for Software Fault Tolerance}},
	booktitle = {Proceedings of the International Conference on Reliable Software},
	year = {1975},
	month=apr,
}

@article{Knuth:1977,
	author = {Donald Knuth and James Morris and Vaughan Pratt},
	title = {{Fast Pattern Matching in Strings}},
	journal = {SIAM Journal on Computing},
	volume = {6},
	number = {2},
	pages = {323--350},
	year = {1977},
	month=aug,
}

@InProceedings{Avizienis:1977,
	author =	{Algirdas Avizienis and L. Chen},
	title =	 	{{On the Implementation of {N}-Version Programming for Software Fault Tolerance During Execution}},
	booktitle =	{Proceedings of the Annual International Computer Software and Applications Conference},
	year =	 	1977,
	month = 	nov,
}

@article{Lamport:1979,
	author = {Lamport, Leslie},
	title = {{Time, Clocks, and the Ordering of Events in a Distributed System}},
	journal = {Communications of ACM},
	volume = {21},
	number = {7},
	month = jul,
	year = {1978},
	pages = {558--565},
} 

@article{Shamir:1979,
	author = {Shamir, Adi},
	title = {{How to Share a Secret}},
	journal = {Communications of ACM},
	volume = {22},
	number = {11},
	month = nov,
	year = {1979},
	pages = {612--613},
} 


@InProceedings{Chen:1978,
	author =	 {L. Chen and Algirdas Avizienis},
	title =	 {{N-version Programming: A Fault-Tolerance Approach to Reliability of Software Operation}},
	booktitle =	 {Proceedings of the IEEE Symposium on Fault-Tolerant Computing},
	year =	 1978,
	month = jan,
}

@article{Pease:1980,
	author = {Pease, M. and Shostak, R. and Lamport, L.},
	title = {Reaching Agreement in the Presence of Faults},
	journal = {Journal of the Association for Computing Machinery },
	volume = {27},
	number = {2},
	month = apr,
	year = {1980},
	pages = {228--234},
}

@article{Lamport:1982,
	author = {Lamport, Leslie and Shostak, Robert and Pease, Marshall},
	title = {{The Byzantine Generals Problem}},
	journal = {ACM Transactions Programming Languages Systems},
	volume = {4},
	number = {3},
	month = jul,
	year = {1982},
	pages = {382--401},
} 

@article{Lamport:1984,
	author = {Lamport, Leslie},
	title = {{Using Time Instead of Timeout for Fault-Tolerant Distributed Systems}},
	journal = {ACM Transactions Programming Languages Systems},
	volume = {6},
	number = {2},
	month = apr,
	year = {1984},
	pages = {254--280},
	numpages = {27},
}

@article{Avizienis:1985,
	title = "Software Fault-Tolerance and Design Diversity: Past Experience and Future Evolution",
	journal = "IFAC Proceedings Volumes",
	volume = "18",
	number = "12",
	pages = "167 - 172",
	year = "1985",
	author = "L. Strigini and A. Avizienis",
}

@article{Bracha:1985,
	author = {Bracha, Gabriel and Toueg, Sam},
	title = {Asynchronous Consensus and Broadcast Protocols},
	journal = {Journal of ACM},
	volume = {32},
	number = {4},
	month = oct,
	year = {1985},
	pages = {824--840},
} 

@article{Knight:1986,
	author = {Knight, J. and Leveson, N.},
	title = {{An Experimental Evaluation of the Assumption of Independence in Multiversion Programming}},
	journal = {IEEE Transactions on Software Engineering},
	volume = {12},
	pages={96--109}, 
	number = {1},
	month = jan,
	year = {1986},

} 

%%% Intro Motivation
@inproceedings{Fraga:1985,
	title={{A Fault-and Intrusion-tolerant File System}},
	author={Fraga, Joni and Powell, David},
	booktitle={Proceedings of the International Conference on Computer Security},
	year={1985},
	month=sep,

}

@article{Avizienis:1985,
	author = {Avizienis A.},
	title = {{The N-Version Approach to Fault-Tolerant Software}},
	journal = {IEEE Transactions on Software Engineering},
	volume = {11},
	number = {12},
	month = dec,
	year = {1985},
	pages = {1491--1501},
}


@Article{Schneider:1990,
	author  = "F. Schneider",
	title   = {{Implementing Faul-Tolerant Services Using the State Machine Approach: A Tutorial}},
	journal = compsurv,
	volume  = 22,
	number  = 4,
	pages   = "299--319",
	month       = dec,
	year        = 1990,
}

@InProceedings{Huang:1993,
	author={Y. Huang and C. Kintala},
	title={{Software Implemented Fault Tolerance: Technologies and Experience}},
	booktitle={Proceedings of the International Symposium on Fault-Tolerant Computing},
	year={1993},
	month=jun,
}

@inproceedings{Reiter:1994,
	author = {Reiter, Michael},
	title = {{The Rampart Toolkit for Building High-Integrity Services}},
	booktitle = {Proceedings of the International Workshop on Theory and Practice in Distributed Systems},
	year = {1995},
	month=sep,
} 


%%% Security Metrics
@article{Foss:1995,
	author = {Alves-Foss, Jim and Barbosa, Salvador},
	title = {{Assessing Computer Security Vulnerability}},
	journal = {SIGOPS Operting Systems Reviews},
	volume = {29},
	number = {3},
	month = jul,
	year = {1995},
	pages = {3--13},
} 

@article{Avizienis:1995, 
	author = {A. Avizienis},
	title={{The Methodology of N-version Programming}},
	journal={Software Fault Tolerance}, 
	year={1995}, 
	volume={3},
	pages={23--46},
	month=jan,
}


@INPROCEEDINGS{Huang:1995, 
	author={Y. Huang and C. Kintala and N. Kolettis and N. Fulton}, 
	booktitle={Proceedings of the International Symposium on Fault-Tolerant Computing}, 
	title={{Software Rejuvenation: Analysis, Module and Applications}}, 
	year={1995}, 
	month=jun,
}

@INPROCEEDINGS{Forrest:1997, 
	author={S. Forrest and A. Somayaji and D. Ackley}, 
	booktitle={Proceedings of Workshop on Hot Topics in Operating Systems}, 
	title={{Building Diverse Computer Systems}}, 
	year={1997}, 
	month=may,
}

@inproceedings{Kihlstrom:1998,
	author = {K. Kihlstrom and L. Moser and P. Melliar-Smit},
	title = {The SecureRing Protocols for Securing Group Communication},
	booktitle = {Proceedings of the Annual Hawaii International Conference on System Sciences},
	year = {1998},
	month=jan,
} 

@inproceedings{Deswarte:1998,
	author = {Deswarte, Y. and Kanoun, K. and Laprie, J.},
	title = {{Diversity Against Accidental and Deliberate Faults}},
	booktitle = {Proceedings of the Conference on Computer Security, Dependability, and Assurance: From Needs to Solutions},
	year = {1998},
	month=jul,
} 

@inproceedings{Doudou:1999,
	author = {Doudou, Assia and Garbinato, Beno\^{\i}t and Guerraoui, Rachid and Schiper, Andr{\'e}},
	title = {Muteness Failure Detectors: Specification and Implementation},
	booktitle = {Proceedings of the European Dependable Computing Conference on Dependable Computing},
	year = {1999},
	month=sep,
}

@inproceedings{Castro:1999,
	author = {Castro, Miguel and Liskov, Barbara},
	title = {{Practical Byzantine Fault Tolerance}},
	booktitle = OSDI,
	year = {1999},
	month=oct,
} 

@techreport{Wilfredo:2000,
	author = {Wilfredo, Torres},
	title = {{Software Fault Tolerance: A Tutorial}},
	year = {2000},
	month = oct,
	howpublished = "{\url{http://www.ncstrl.org:8900/ncstrl/servlet/search?formname=detail\&id=oai%3ALTRS%3ANASA-2000-tm210616}}",
	publisher = {{NASA Langley Technical Report Server}},
} 


@INPROCEEDINGS{Yeh:2001, 
	author={Y. C. Yeh}, 
	booktitle={AIAA/IEEE Digital Avionics Systems Conference}, 
	title={Safety critical avionics for the 777 primary flight controls system}, 
	year={2001}, 
}

@inproceedings{Chou:2001,
	author = {Chou, Andy and Yang, Junfeng and Chelf, Benjamin and Hallem, Seth and Engler, Dawson},
	title = {An empirical study of operating systems errors},
	booktitle =SOSP,
	year = {2001},
}

@book{Anderson:2001,
	author = {Anderson, R.},
	title = {{Security Engineering: A Guide to Building Dependable Distributed Systems}},
	year = {2001},
	edition = {1st},
	pages     = {387--388},
	publisher = {John Wiley \& Sons, Inc.},
}

@INPROCEEDINGS{Reynolds:2002, 
	author={J. Reynolds and J. Just and E. Lawson and L. Clough and R. Maglich and K. Levitt}, 
	booktitle=DSN,
	title={{The Design and Implementation of an Intrusion Tolerant System}}, 
	year={2002}, 
	month=jun,
}

@article{Zhou:2002,
	author = {Zhou, Lidong and Schneider, Fred and Renesse, Robbert},
	title = {{COCA: A Secure Distributed Online Certification Authority}},
	journal = TOCS,
	volume = {20},
	number = {4},
	month = nov,
	year = {2002},
	pages = {329--368},
} 

@article{Castro:2002,
	author = {Castro, Miguel and Liskov, Barbara},
	title = {{Practical Byzantine Fault Tolerance and Proactive Recovery}},
	journal = TOCS,
	volume = {20},
	number = {4},
	year = {2002},
	month=nov,
	pages = {398--461},
}

@INPROCEEDINGS{Wang:2003, 
	author={Feiyi Wang and R. Upppalli}, 
	booktitle={{Proceedings of the DARPA Information Survivability Conference and Exposition}}, 
	title={{SITAR: A Scalable Intrusion-tolerant Architecture for Distributed Services - a technology summary}}, 
	year={2003}, 
	month=apr,
}

@article{Castro:2003,
	author = {Castro, Miguel and Rodrigues, Rodrigo and Liskov, Barbara},
	title = {{BASE: Using Abstraction to Improve Fault Tolerance}},
	journal = TOCS,
	volume = {21},
	number = {3},
	month = aug,
	year = {2003},
	pages = {236--269},
} 


@INPROCEEDINGS{Moscola:2003,
	author={Moscola, J. and Lockwood, J. and Loui, R. and Pachos, M.},
	booktitle={Proceedings of the Annual IEEE Symposium on Field-Programmable Custom Computing Machines},
	title={{Implementation of a Content-scanning Module for an Internet Firewall}},
	year={2003},
	month=apr,
}

@article{Kamara:2003,
	author    = {Kamara, S. and Fahmy, S. and Schultz, E. and Kerschbaum, F. and Frantzen, M.},
	title     = {{Analysis of Vulnerabilities in {Internet} Firewalls}},
	journal   = {Computers {\&} Security},
	volume    = {22},
	number    = {3},
	year      = {2003},
	pages     = {214--232},
	month=apr,
}

@inproceedings{Vigna:2003,
	author = {Vigna, Giovanni and Robertson, William and Kher, Vishal and Kemmerer, Richard A.},
	title = {{A Stateful Intrusion Detection System for World-Wide Web Servers}},
	booktitle = {Proceedings of the Annual Computer Security Applications Conference},
	year = {2003},
	month=dec,
} 

@INPROCEEDINGS{Bhatkar:2003,
	author = {Eep Bhatkar and Daniel Duvarney and R. Sekar},
	title = {{Address Obfuscation: An Efficient Approach to Combat a Broad Range of Memory Error Exploits}},
	booktitle = USS,
	year = {2003},	
	month=jun,
}

@InProceedings{Yin:2003,
	author = {J. Yin and J. Martin and A. Venkataramani and L. Alvisi and M. Dahlin},
	title = {{Separating Agreement form Execution for {B}yzantine Fault Tolerant Services}},
	booktitle = SOSP,
	year = 2003,
	month=oct,
}

@Inbook{Verissimo:2003,
	author="Ver{\'i}ssimo, Paulo and Neves, Nuno and Correia, Miguel",
	title={{Intrusion-Tolerant Architectures: Concepts and Design}},
	bookTitle="Architecting Dependable Systems",
	year="2003",
	chapter="1",
	publisher="Springer",
}
%pages="3--36",

@ARTICLE{Avizienis:2004, 
	author={A. Avizienis and J. Laprie and B. Randell and C. Landwehr}, 
	journal=TDSC, 
	title={{Basic Concepts and Taxonomy of Dependable and Secure Computing}}, 
	year={2004}, 
	volume={1}, 
	number={1}, 
	pages={11-33}, 
	month=jan,
}

@inproceedings{Yeh:2004,
	author    = {Y. Yeh},
	title     = {{Unique Dependability Issues for Commercial Airplane Fly by Wire Systems}},
	booktitle = {{IFIP} World Computer Congress: Building the Information Society},
	year      = {2004},
}

@InProceedings{Correia:2004,
	author = "M. Correia and N. Neves and P. Ver\'{\i}ssimo",
	title = "{How to Tolerate Half Less One {B}yzantine Nodes in Practical Distributed Systems}",
	booktitle = SRDS,
	year = "2004",
	month=oct,
}

@inproceedings{Newsome:2005,
	author = {Newsome, James and Song, Dawn},
	title = {{Dynamic Taint Analysis for Automatic Detection, Analysis, and Signature Generation of Exploits on Commodity Software}},
	booktitle = NDSS,
	year = {2005},
	month=feb,
}


@inproceedings{Abd-El-Malek:2005,
	author = {Abd-El-Malek, Michael and Ganger, Gregory and Goodson, Garth and Reiter, Michael and Wylie, Jay},
	title = {{Fault-scalable {Byzantine} Fault-tolerant Services}},
	booktitle = SOSP,
	year = {2005},
	month =oct,
} 

@inproceedings{Totel:2005,
	author = {Totel, Eric and Majorczyk, Fr{\'e}d{\'e}ric and M{\'e}, Ludovic},
	title = {{COTS Diversity Based Intrusion Detection and Application to Web Servers}},
	booktitle = {Proceedings of the International Conference on Recent Advances in Intrusion Detection},
	year = {2005},
	month=sep,
} 

@inproceedings{Junqueira:2005,
	author = {Junqueira, F. and Bhagwan, R. and Hevia, A. and Marzullo, K. and Voelker, G.},
	title = {{Surviving Internet Catastrophes}},
	booktitle = ATC,
	year = {2005},
	month=apr,
} 

@INPROCEEDINGS{Sousa:2005, 
	author={P. Sousa and N. Neves and P. Ver{\'i}ssimo}, 
	booktitle=DSN, 
	title={{How Resilient are Distributed f Fault/Intrusion-tolerant Systems?}}, 
	year={2005}, 
	month=jun,
}

@article{Verissimo:2006,
	author    = {Paulo Ver{\'{\i}}ssimo},
	title     = {{Travelling Through Wormholes: A New Look at Distributed Systems Models}},
	journal   = {{SIGACT} News},
	volume    = {37},
	number    = {1},
	pages     = {66--81},
	year      = {2006},
	month		=mar,
}

@inproceedings{Cox:2006,
	author = {Cox, Benjamin and Evans, David and Filipi, Adrian and Rowanhill, Jonathan and Hu, Wei and Davidson, Jack and Knight, John and Nguyen-Tuong, Anh and Hiser, Jason},
	title = {N-variant Systems: A Secretless Framework for Security Through Diversity},
	booktitle = USS,
	year = {2006},
} 

@Inproceedings{Ganapathi:2006,
	author = {A. Ganapathi and V. Ganapathi and D. Patterson},
	title  ={{Windows XP} kernel crash analysis},
	booktitle = {Proceedings of the Large Installation System Administration Conference},
	year = 2006,
}
 
@inproceedings{Frei:2006,
	author = {Frei, S. and May, M. and Fiedler, U. and Plattner, B.},
	title = {{Large-scale Vulnerability Analysis}},
	booktitle = {{Proceedings of the SIGCOMM Workshop on Large-scale Attack Defense}},
	year = {2006},
	month=sep,
} 


@inbook{Keromytis:2006,
	author      = "Angelos Keromytis and Vassilis Prevelakis",
	title       = {{Designing Firewalls: A Survey}},
	booktitle   = {{Network Security: Current Status and Future Directions}},
	publisher   = {John Wiley \& Sons, Inc.},
	year        = 2006,
	pages       = {33--49},
	chapter     = 3,
	month = jun,
}

@TECHREPORT{Obelheiro:2006,
	author = {R. Obelheiro and A. Bessani and L. Lung and M. Correia},
	title = {{How practical are intrusion-tolerant distributed systems?}},
	institution = {Department of Informatics},
	number ={TR 06–15},
	year = {2006}
}

@ARTICLE{Mell:2006, 
	author={P. Mell and K. Scarfone and S. Romanosky}, 
	journal=TSP, 
	title={{Common Vulnerability Scoring System}}, 
	year={2006}, 
	volume={4}, 
	number={6}, 
	pages={85-89}, 
	doi={10.1109/MSP.2006.145}, 
	ISSN={1540-7993}, 
	month={Nov},
}

@inproceedings{Reiser:2007,
	author = {Reiser, Hans and Kapitza, R\"{u}diger},
	title={{VM-FIT: Supporting Intrusion Tolerance with Virtualisation Technology}},
	booktitle = {Proceedings of the Workshop on Recent Advances on Intrusiton-tolerant Systems},
	year = {2007},
	month=may,
} 

@INPROCEEDINGS{Arsenault:2007, 
	author={D. Arsenault and A. Sood and Y. Huang}, 
	booktitle={Proceedings of the International Conference on Availability, Reliability and Security}, 
	title={{Secure, Resilient Computing Clusters: Self-Cleansing Intrusion Tolerance with Hardware Enforced Security (SCIT/HES)}}, 
	year={2007}, 
	month=apr,
}

@inproceedings{Sousa:2007,
	author = {Sousa, Paulo and Neves, Nuno and Ver{\'i}ssimo, Paulo},
	title = {{Hidden Problems of Asynchronous Proactive Recovery}},
	booktitle = {Proceedings of the Workshop on Hot Topics in System Dependability},
	year = {2007},	
	month = jun,
} 

@ARTICLE{Gashi:2007, 
	author={I. Gashi and P. Popov and L. Strigini}, 
	journal=TDSC, 
	title={{Fault Tolerance via Diversity for Off-the-Shelf Products: A Study with SQL Database Servers}}, 
	year={2007}, 
	volume={4}, 
	number={4}, 
	pages={280-294}, 
	month={Oct},
}

@inproceedings{Cadar:2008,
	author = {Cadar, Cristian and Dunbar, Daniel and Engler, Dawson},
	title = {{KLEE: Unassisted and Automatic Generation of High-coverage Tests for Complex Systems Programs}},
	booktitle =OSDI,
	year = {2008},
	month=dec,
} 

@INPROCEEDINGS{Godefroid:2008, 
	author={P. Godefroid and M. Levin and D. Molnar}, 
	booktitle=NDSS, 
	title={{Automated Whitebox Fuzz Testing}}, 
	year={2008}, 
	month=feb,
}

@INPROCEEDINGS{Brumley:2008, 
	author={D. Brumley and P. Poosankam and D. Song and J. Zheng}, 
	booktitle=SP, 
	title={{Automatic Patch-Based Exploit Generation is Possible: Techniques and Implications}}, 
	year={2008}, 
	month=may,
}

@inproceedings{Bessani:2008,
	author = {Bessani, Alysson and Alchieri, Eduardo and Correia, Miguel and Fraga, Joni},
	title = {{DepSpace: A Byzantine Fault-tolerant Coordination Service}},
	booktitle = EUROSYS,
	year = {2008},
	month=apr,
} 

@INPROCEEDINGS{Jumratjaroenvanit:2008, 
	author={Jumratjaroenvanit, A and Teng-amnuay, Y.}, 
	booktitle={Proceedings on the International Symposium on Electronic Commerce and Security}, 
	title={{Probability of Attack Based on System Vulnerability Life Cycle}}, 
	year={2008},
	month=aug,
} 

@inproceedings{Distler:2008,
	author = {Distler, Tobias and Kapitza, R\"{u}diger and Reiser, Hans},
	title = {{Efficient State Transfer for Hypervisor-based Proactive Recovery}},
	booktitle = {Proceedings of the Workshop on Recent Advances on Intrusiton-tolerant Systems},
	year = {2008},
	month=apr,
} 

@inproceedings{Klein:2009,
	author = {Klein, Gerwin and Elphinstone, Kevin and Heiser, Gernot and Andronick, June and Cock, David and Derrin, Philip and Elkaduwe, Dhammika and Engelhardt, Kai and Kolanski, Rafal and Norrish, Michael and Sewell, Thomas and Tuch, Harvey and Winwood, Simon},
	title = {{sel4: Formal Verification of an OS Kernel}},
	booktitle = SOSP,
	year = {2009},
	month=oct,
}

@inproceedings{Han:2009,
	author="Han, Jin and Gao, Debin and Deng, Robert",
	title={{On the Effectiveness of Software Diversity: A Systematic Study on Real-World Vulnerabilities}},
	bookTitle="{Proceedings of the International Conference on Detection of Intrusions and Malware \& Vulnerability Assessment}",
	year="2009",
	month=jul,

}

@inproceedings{Clement:2009,
	author = {Clement, Allen and Kapritsos, Manos and Lee, Sangmin and Wang, Yang and Alvisi, Lorenzo and Dahlin, Mike and Riche, Taylor},
	title = {{Upright Cluster Services}},
	booktitle = SOSP,
	year = {2009},
	month=oct,
} 

@inproceedings{Clement:2009b,
	author = {Clement, A. and Wong, E. and Alvisi, L. and Dahlin, M. and Marchetti, M.},
	title = {{Making Byzantine Fault Tolerant Systems Tolerate Byzantine Faults}},
	booktitle = NSDI,
	year = {2009},
	month=apr,
} 

@inproceedings{Bairavasundaram:2009,
	author = {Bairavasundaram, Lakshmi and Sundararaman, Swaminathan and Arpaci-Dusseau, Andrea and Arpaci-Dusseau, Remzi},
	title = {{Tolerating File-system Mistakes with EnvyFS}},
	booktitle = ATC,
	year = {2009},
	month=jun,
}

@InProceedings{Frei:2010,
	author="Frei, Stefan and Schatzmann, Dominik and Plattner, Bernhard and Trammell, Brian",
	title="{Modeling the Security Ecosystem - The Dynamics of (In)Security}",
	booktitle="Procedings of the Workshop on the Economics of Information Security and Privacy",
	year="2010",
	month=jul,		
}

@inproceedings{Sommer:2010,
	author = {Sommer, R. and Paxson, V.},
	title = {{Outside the Closed World: On Using Machine Learning for Network Intrusion Detection}},
	booktitle = SP,
	year = {2010},
	month=may,
}

@inproceedings{Cooper:2010,
	author = {Cooper, B. and Silberstein, A. and Tam, E. and Ramakrishnan, R. and Sears, R.},
	title = {{Benchmarking Cloud Serving Systems with YCSB}},
	booktitle = {Proceedings of the ACM Symposium on Cloud Computing},
	year = {2010},
	month=jun,
}

@inproceedings{Massacci:2010,
	author = {Massacci, F. and Nguyen, Viet},
	title = {{Which is the Right Source for Vulnerability Studies?: An Empirical Analysis on Mozilla Firefox}},
	booktitle = {Proceedings of the International Workshop on Security Measurements and Metrics},
	year = {2010},
	month=sep,
} 

@article{Walfish:2010,
	author =       "Michael Walfish and Mythili Vutukuru and Hari Balakrishnan and David Karger and Scott Shenker",
	title =        "{DDoS Defense by Offense}",
	booktitle =    TOCS,
	year =         {2010},
	volume = {28},
	number = {1},
	month = aug,
}

@book{Miller:2010,
	title={Security Information and Event Management (SIEM) Implementation},
	author={D. Miller and Z. Payton and A. Harper and C. Blask and S. VanDyke},
	year={2010},
	ISBN   = {0071701095},
	publisher={McGraw-Hill Education},
	month=oct,
	
}

@inproceedings{Serafini:2010,
	author = {Marco Serafini and Peter Bokor and Dan Dobre and Matthias Majuntke and Neeraj Suri},
	title = {{Scrooge: Reducing the Costs of Fast {B}yzantine Replication in Presence of Unresponsive Replicas}},
	booktitle = DSN,
	year = 2010,
	month=jun,
}

@article{Kotla:2010,
	author = {Kotla, Ramakrishna and Alvisi, Lorenzo and Dahlin, Mike and Clement, Allen and Wong, Edmund},
	title = {{Zyzzyva: Speculative Byzantine Fault Tolerance}},
	journal = TOCS,
	volume = {27},
	number = {4},
	month = jan,
	year = {2010},
	pages = {1--39},
} 

@INPROCEEDINGS{Surisetty:2010,
	author={Surisetty, S. and Kumar, S.},
	booktitle={Proceedings of the International Conference on Digital Society},
	title={{Is McAfee SecurityCenter/Firewall Software Providing Complete Security for Your Computer?}},
	year={2010},
	month=feb,
}
@inproceedings{Bozorgi:2010,
	author = {Bozorgi, M. and Saul, L. and Savage, S. and Voelker, G.},
	title = {{Beyond Heuristics: Learning to Classify Vulnerabilities and Predict Exploits}},
	booktitle = {Proceedings of the ACM International Conference on Knowledge Discovery and Data Mining},
	year = {2010},
	month=jan,
} 


@ARTICLE{Sousa:2010, 
	author={P. Sousa and A. Bessani and M. Correia and N. Neves and P. Ver{\'i}ssimo}, 
	journal=TPDS,
	title={{Highly Available Intrusion-Tolerant Services with Proactive-Reactive Recovery}}, 
	year={2010}, 
	volume={21}, 
	number={4}, 
	pages={452--465}, 
	month=apr,
}

@inproceedings{Hunt:2010,
	author = {Hunt, Patrick and Konar, Mahadev and Junqueira, Flavio and Reed, Benjamin},
	title = {{ZooKeeper: Wait-free Coordination for Internet-scale Systems}},
	booktitle = ATC,
	year = {2010},
	month=jun,
} 

% Vulnerabilities are difficult to predict prevent
@INPROCEEDINGS{Bau:2010, 
	author={J. Bau and E. Bursztein and D. Gupta and J. Mitchell}, 
	booktitle=SP, 
	title={{State of the Art: Automated Black-Box Web Application Vulnerability Testing}}, 
	year={2010}, 
}

@article{Jain:2010,
	title = {{Data Clustering: 50 Years Beyond K-means}},
	journal = "Pattern Recognition Letters",
	volume = "31",
	number = "8",
	pages = {651--666},
	year = "2010",
	author = "A. Jain",
	month=jun,
}

@article{Roeder:2010,
	author = {Roeder, Tom and Schneider, Fred},
	title = {{Proactive Obfuscation}},
	journal = TOCS,
	volume = {28},
	number = {2},
	month = jul,
	year = {2010},
	pages = {1--54},
} 

@article{Moniz:2011,
	author={Moniz, H. and Neves, N. and Correia, M. and Ver{\'i}ssimo, P.}, 
	title = {{RITAS: Services for Randomized Intrusion Tolerance}},
	journal =TDSC,
	volume    = {8},
	number    = {1},
	pages     = {122-136},
	year = {2011},
	month=dec,
}

@inproceedings{Palix:2011,
	author = {Palix, Nicolas and Thomas, Ga\"{e}l and Saha, Suman and Calv\`{e}s, Christophe and Lawall, Julia and Muller, Gilles},
	title = {Faults in Linux: Ten Years Later},
	booktitle = {Proceedings of the Sixteenth International Conference on Architectural Support for Programming Languages and Operating Systems},
	year = {2011},
	month=mar,	
} 

@inproceedings{Mishra:2011,
	author={Mishra, A. and Gupta, B. and Joshi, R.},
	booktitle={Proceedings of the Intelligence and Security Informatics Conference},
	title={{A Comparative Study of Distributed Denial of Service Attacks, Intrusion Tolerance and Mitigation Techniques}},
	year= {2011},
	month=sep,
}

@ARTICLE{Amir:2011,
	author={Amir, Y. and Coan, B. and Kirsch, J. and Lane, J.},
	journal=TDSC,
	title={{Prime: {Byzantine} Replication Under Attack}},
	volume={8},
	number={4},
	year      = {2011},
	month = dec,
	pages={564-577},
}

@inproceedings{Distler:2011,
	author = {T. Distler and R. Kapitza and I. Popov and H. Reiser and W. Schr\"{o}der-Preikschat},
	title = {{SPARE: Replicas on Hold}},
	booktitle = NDSS,
	year = {2011},
	month=feb,	
}


@inproceedings{Calder:2011,
	author = {Brad Calder and Ju Wang and Aaron Ogus and Niranjan Nilakantan and Arild Skjolsvold and Sam Mckelvie and Yikang Xu and Shashwat Srivastav and Jiesheng Wu and Huseyin Simitci and Jaidev Haridas and Chakravarthy Uddaraju and Hemal Khatri and Marvin Mcnett and Sriram Sankaran and Kavitha Manivannan and Leonidas Rigas},
	title = {{Windows Azure Storage: A Highly Available Cloud Storage Service with Strong Consistency}},
	booktitle = SOSP,
	year = {2011},
	month=oct,
} 

@inproceedings{Gorbenko:2011,
	author = {Gorbenko, A. and Kharchenko, V. and Tarasyuk, O. and Romanovsky, A.},
	title = {{Using Diversity in Coud-based Deployment Environment to Avoid Intrusions}},
	booktitle = {Proceedings of the International Conference on Software Engineering for Resilient Systems}, 
	year = {2011},
	month=oct,
} 


@INPROCEEDINGS{Bessani:2011, 
	author={A. Bessani}, 
	booktitle=DSN, 
	title={{From Byzantine Fault Tolerance to Intrusion Tolerance (a position paper)}}, 
	year={2011}, 
	month=jun,
}

@inproceedings{Kapitza:2012,
	author = {R\"{u}diger Kapitza and Johannes Behl and Christian Cachin and Tobias Distler and Simon Kuhnle and Seyed Mohammadi and Wolfgang Schr\"{o}der-Preikschat and Klaus Stengel},
	title = {{CheapBFT: Resource-efficient Byzantine Fault Tolerance}},
	booktitle = EUROSYS,
	year = {2012},
	month=apr,
}

@misc{Nist:2012,
	author        = "{National Institute of Standards and Technology}",
	title         = "{{Guide for Conducting Risk Assessments}}",
	howpublished	= {\url{http://nvlpubs.nist.gov/nistpubs/Legacy/SP/nistspecialpublication800-30r1.pdf}},
	year = 2012,
	month=sep,
}

@inproceedings{Wood:2011,
	author = {Wood, Timothy and Singh, Rahul and Venkataramani, Arun and Shenoy, Prashant and Cecchet, Emmanuel},
	title = {{ZZ and the Art of Practical BFT Execution}},
	booktitle =EUROSYS,
	year = {2011},
	month=apr,
} 

@ARTICLE{Poolsappasit:2012, 
	author={N. Poolsappasit and R. Dewri and I. Ray}, 
	journal=TDSC, 
	title={{Dynamic Security Risk Management Using Bayesian Attack Graphs}}, 
	year={2012}, 
	volume={9}, 
	number={1}, 
	pages={61--74}, 
	month=jan,
}

@article{Zhao:2012,
	author = {Feng Zhao and Min Li and Weizhong Qiang and Hai Jin and Deqing Zou and Qin Zhang},
	title = {{Proactive Recovery Approach for Intrusion Tolerance with Dynamic Configuration of Physical and Virtual Replicas}},
	journal = {Security and Communication Networks},
	volume = {5},
	number = {10},
	pages = {1169--1180},
	year= 2012,
	month=mar,
}


@article{Okhravi:2012,
	author = {Okhravi, H. and Comella, A. and Robinson, E. and Haines, J.},
	journal = {International Journal of Critical Infrastructure Protection},
	number = {1},
	pages = {30-39},
	title = {{Creating a Cyber Moving Target for Critical Infrastructure Applications Using Platform Diversity}},
	volume = {5},
	month=mar,
	year = {2012},
}

@INPROCEEDINGS{Garcia:2012, 
	author={M. Garcia and A. Bessani and I. Gashi and N. Neves and R. Obelheiro}, 
	booktitle=DSN, 
	title={{OS Diversity for Intrusion Tolerance: Myth or Reality?}}, 
	year={2011}, 
	month=jun,
}

@INPROCEEDINGS{Garcia:2012b,
	title={{DIVERSYS: DIVErse Rejuvenation SYStem}},
	author={Garcia, Miguel and Neves, Nuno and Bessani, Alysson},
	booktitle={{Simp\'{o}sio Nacional de Inform\'{a}tica} (INFORUM)},	
	year={2012},
	month=sep,
}

@INPROCEEDINGS{Shahzad:2012, 
	author={M. Shahzad and M. Shafiq and A. Liu}, 
	booktitle={Proceedings of the International Conference on Software Engineering}, 
	title={{A Large Scale Exploratory Analysis of Software Vulnerability Life Cycles}}, 
	year={2012}, 
	month=jun,
}

@inproceedings{Bilge:2012,
	author = {Bilge, Leyla and Dumitras, Tudor},
	title = {{Before We Knew It: An Empirical Study of Zero-day Attacks in the Real World}},
	booktitle = CCS,
	year = {2012},
	month=oct,
} 

@ARTICLE{Goues:2012, 
	author={C. Goues and T. Nguyen and S. Forrest and W. Weimer}, 
	journal={IEEE Transactions on Software Engineering}, 
	title={{GenProg: A Generic Method for Automatic Software Repair}}, 
	year={2012}, 
	volume={38}, 
	number={1}, 
	pages={54-72}, 
	month=jan,
}

@Article{Schaefer:2012,
	author="Schaefer, Ina and Rabiser, Rick and Clarke, Dave and Bettini, Lorenzo and Benavides, David and Botterweck, Goetz and Pathak, Animesh and Trujillo, Salvador and Villela, Karina",
	title={{Software diversity: state of the art and perspectives}},
	journal="International Journal on Software Tools for Technology Transfer",
	year="2012",
	month=oct,
	volume="14",
	number="5",
	pages="477--495",
}

@inproceedings{Haller:2013,
	author = {Istvan Haller and Asia Slowinska and Matthias Neugschwandtner and Herbert Bos},
	title = {Dowsing for Overflows: A Guided Fuzzer to Find Buffer Boundary Violations},
	booktitle = USS,
	year = {2013},
	month=aug,
}

@INPROCEEDINGS{Dettoni:2013, 
	author={F. Dettoni and L. Lung and M. Correia and A. Luiz}, 
	booktitle={Proceedings of the IEEE Symposium on Computers and Communications}, 
	title={{Byzantine Fault-tolerant Sate Mmachine Replication with Twin Virtual Machines}}, 
	year={2013}, 
	month=mar,
}

@INPROCEEDINGS{Joshi:2013, 
	author={A. Joshi and R. Lal and T. Finin and A. Joshi}, 
	booktitle={IEEE International Conference on Semantic Computing}, 
	title={Extracting Cybersecurity Related Linked Data from Text}, 
	year={2013}, 
}


@article{Shue:2013,
	author = {Shue, Craig A. and Kalafut, Andrew J.},
	title = {Resolvers Revealed: Characterizing DNS Resolvers and Their Clients},
	journal = {ACM Transactions on Internet Technology},
	volume = {12},
	number = {4},
	month = jul,
	year = {2013},
	pages = {14:1--14:17},
} 

@INPROCEEDINGS{Melo:2013, 
	author={M. Melo and P. Maciel and J. Araujo and R. Matos and C. Araújo}, 
	booktitle=DSN, 
	title={{Availability Study on Cloud Computing Environments: Live Migration as a Rejuvenation Mechanism}}, 
	year={2013}, 
	month=jun,
}

@inproceedings{Martins:2013,
	author="Martins, Rolando and Gandhi, Rajeev and Narasimhan, Priya and Pertet, Soila and Casimiro, Ant{\'o}nio and Kreutz, Diego and Ver{\'i}ssimo, Paulo", 
	title={{Experiences with Fault-Injection in a Byzantine Fault-Tolerant Protocol}},
	booktitle = {{Proceedings of the ACM/IFIP/USENIX International Conference on Middleware}},
	year="2013",
	month=dec,
}

@ARTICLE{Zargar:2013,
	author={Zargar, S.T. and Joshi, J. and Tipper, D.},
	journal={IEEE Communications Surveys Tutorials}, 
	title={A Survey of Defense Mechanisms Against Distributed Denial of Service {(DDoS)} Flooding Attacks},
	year={2013},
	volume={15},
	number={4},
}

@inproceedings{Vianello:2013,
	author = {Vianello, V. and Gulisano, V. and Jimenez-Peris, R. and Patino-Martinez, M. and Torres, R. and Diaz, R. and Prieto, E.},
	title = {{A Scalable {SIEM} Correlation Engine and Its Application to the Olympic Games IT Infrastructure}},
	booktitle ={Proceedings of the International Conference on Availability, Reliability and Security},
	year = {2013},
	month=sep,
}

@inproceedings{Bessani:2013,
	author = {Alysson Bessani and Marcel Santos and J. F\'elix and Nuno Neves and Miguel Correia},
	title = {{On the Efficiency of Durable State Machine Replication}},
	booktitle = {Proceedings of the USENIX Annual Technical Conference},
	month = jun,
	year = 2013,
}

@INPROCEEDINGS{Snow:2013, 
	author={K. Snow and F. Monrose and L. Davi and A. Dmitrienko and C. Liebchen and A. Sadeghi}, 
	booktitle=SP,
	title={{Just-In-Time Code Reuse: On the Effectiveness of Fine-Grained Address Space Layout Randomization}}, 
	year={2013}, 
	month=may,
}

@article{Corbett:2013,
	author = {James Corbett and Jeffrey Dean and Michael Epstein and Andrew Fikes and Christopher Frost and JJ Furman and Sanjay Ghemawat and Andrey Gubarev and Christopher Heiser and Peter Hochschild and Wilson Hsieh and Sebastian Kanthak and Eugene Kogan and Hongyi Li and Alexander Lloyd and Sergey Melnik and David Mwaura and David Nagle and Sean Quinlan and Rajesh Rao and Lindsay Rolig and Yasushi Saito and Michal Szymaniak and Christopher Taylor and Ruth Wang and Dale Woodford},
	title = {{Spanner: Google's Globally Distributed Database}},
	journal = TOCS,
	volume = {31},
	number = {3},
	year = {2013},
	pages = {261--264},
	month=aug,
} 
% pages = {8:1--8:22},
% author = {Corbett, J. and Dean, J. and Epstein, M. and Fikes, A. and Frost, C. and Furman, J. and Ghemawat, S. and Gubarev, A. and Heiser, C. and Hochschild, P. and Hsieh, W. and Kanthak, S. and Kogan, E. and Li, H. and Lloyd, A. and Melnik, S. and Mwaura, D. and Nagle, D. and Quinlan, S. and Rao, R. and Rolig, L. and Saito, Y. and Szymaniak, M. and Taylor, C. and Wang, R. and Woodford, D.},

@INPROCEEDINGS{Garcia:2013, 
	author={M. Garcia and N. Neves and A. Bessani}, 
	booktitle={Proceedings of the Workshop on Systems Resilience}, 
	title={{An Intrusion-Tolerant Firewall Design for Protecting SIEM Systems}}, 
	year={2013}, 
	month=jun,
}

@INPROCEEDINGS{Giuffrida:2013, 
	author={C. Giuffrida and L. Cavallaro and A. Tanenbaum}, 
	booktitle=DSN, 
	title={{Practical Automated Vulnerability Monitoring Using Program State Invariants}}, 
	year={2013}, 
	month=jun,
}

@ARTICLE{Veronese:2013,
	author={Veronese, G. and Correia, M. and Bessani, A. and Lau Lung and Ver{\'i}ssimo, P.},
	journal={IEEE Transactions on Computers},
	title={{Efficient {B}yzantine Fault-Tolerance}},
	year={2013},
	volume={62},
	number={1},
	pages={16--30},
	month=nov,
}

@inproceedings{Kreutz:2013,
	 author = {Kreutz, D. and Ramos, F. and Ver{\'i}ssimo, P.},
	 title = {{Towards Secure and Dependable Software-defined Networks}},
	 booktitle = {Proceedings of the ACM SIGCOMM Workshop on Hot Topics in Software Defined Networking},
	 year = {2013},
} 

@INPROCEEDINGS{Homescu:2013, 
	author={A. Homescu and S. Neisius and P. Larsen and S. Brunthaler and M. Franz}, 
	booktitle={Proceedings of the IEEE/ACM International Symposium on Code Generation and Optimization}, 
	title={{Profile-guided Automated Software Diversity}}, 
	year={2013}, 
	month=feb,
}


@book{Leskovec:2014,
	title = {{Mining of massive datasets}},
	author = {Leskovec, Jure and others},
	year = {2014},
	publisher = {Cambridge University Press}
}

@InProceedings{Nayak:2014,
 	author="Nayak, Kartik and Marino, Daniel and Efstathopoulos, Petros and Dumitra{\c{s}}, Tudor",
	title={{Some Vulnerabilities Are Different Than Others}},
	booktitle={International Symposium on Research in Attacks, Intrusions, and Defenses},
	year="2014",
	month=sep,
}

@article{Yuan:2014,
	author = {Yuan, Eric and Esfahani, Naeem and Malek, Sam},
	title = {{A Systematic Survey of Self-Protecting Software Systems}},
	journal = {ACM Transactions on Autonous Adaptative Systems},
	volume = {8},
	number = {4},
	month = jan,
	year = {2014},
	pages = {1--41},
} 

@inproceedings{Zhai:2014,
	author = {Zhai, Ennan and Chen, Ruichuan and Wolinsky, David and Ford, Bryan},
	title = {{Heading off Correlated Failures Through Independence-as-a-service}},
	booktitle = OSDI,
	year = {2014},
	month=oct,
} 

@ARTICLE{Kirsch:2014,
	author={Kirsch, J. and Goose, S. and Amir, Y. and Dong Wei and Skare, P.},
	journal={IEEE Transactions on Smart Grid},
	title={{Survivable SCADA Via Intrusion-Tolerant Replication}},
	year={2014},
	volume={5},
	number={1},
	pages={60--70},
	month=jan,
}

@ARTICLE{Holm:2014, 
	author={H. Holm}, 
	journal=TDSC,
	title={{A Large-Scale Study of the Time Required to Compromise a Computer System}}, 
	year={2014}, 
	volume={11}, 
	number={1}, 
	pages={2--15}, 
	month=jan,
}

@INPROCEEDINGS{Lee:2014, 
	author={H. Lee and J. Seibert and E. Hoque and C. Killian and C. Nita-Rotaru}, 
	booktitle={Proceedings of the IEEE International Conference on Distributed Computing Systems}, 
	title={{Turret: A Platform for Automated Attack Finding in Unmodified Distributed System Implementations}}, 
	year={2014}, 
	month=jul,
}

@inproceedings{Jia:2014,
	author = {Q. Jia and H. Wang and D. Fleck and F. Li and A. Stavrou and W. Powell},
	title = {{Catch Me If You Can: A Cloud-Enabled DDoS Defense}},
	booktitle =DSN,
	year = {2014},
	month=jun,
}

@article{Prabha:2014,
	author = {K. Prabha and S. Sukumaran},
	title = {{Improved Single Keyword Pattern Matching Algorithm for Intrusion Detection System}},
	journal = {International Journal of Computer Applications},
	year = {2014},
	volume = {90},
	number = {9},
	pages = {26--30},
	month = mar,
}

@inproceedings{Kreutz:2014,
	author={Kreutz, D. and Bessani, A. and Feitosa, E. and Cunha, H.},
	booktitle=PRDC,
	title={{Towards Secure and Dependable Authentication and Authorization Infrastructures}},
	year={2014},
	month=nov,
}

@ARTICLE{Okhravi:2014, 
	author={Okhravi, H. and Hobson, T. and Bigelow, D. and Streilein, W.}, 
	journal=TSP, 
	title={{Finding Focus in the Blur of Moving-Target Techniques}}, 
	year={2014}, 
	month={Mar}, 
	volume={12}, 
	number={2}, 
	pages={16-26}, 
}

@Article{Mu:2014,
	author="Mu, Chengpo and Yu, Meng and Li, Yingjiu and Zang, Wanyu",
	title="Risk balance defense approach against intrusions for network server",
	journal="International Journal of Information Security",
	year="2014",
	month="Jun",
	volume="13",
	number="3",
	pages="255--269",
}


@article{Allodi:2014,
	author = {Allodi, L. and Massacci, F.},
	title = {{Comparing Vulnerability Severity and Exploits Using Case-Control Studies}},
	journal = tiss,
	volume = {17},
	number = {1},
	month = aug,
	year = {2014},
	pages = {1--20},
	publisher = {ACM},
} 

@INPROCEEDINGS{Bittau:2014,
	author = {Bittau, A. and Belay, A. and Mashtizadeh, A. and Mazi\`{e}res, D. and Boneh, D.},
	title = {{Hacking Blind}},
	booktitle = SP,
	year = {2014},
	month=may,
}

@inproceedings{Bessani:2014,
	author = {Bessani, A. and Sousa, J. and Alchieri, E.},
	title = {{State Machine Replication for the Masses with BFT-SMaRt}},
	booktitle = DSN,
	year = {2014},
	month=jun,
} 

@article {Garcia:2014,
	author = {Garcia, Miguel and Bessani, Alysson and Gashi, Ilir and Neves, Nuno and Obelheiro, Rafael},
	title = {{Analysis of Operating System Diversity for Intrusion Tolerance}},
	journal = {Software: Practice and Experience},
	volume = {44},
	number = {6},
	pages = {735--770},
	year = {2014},
	month= jun,
}

@INPROCEEDINGS{Platania:2014, 
	author={M. Platania and D. Obenshain and T. Tantillo and R. Sharma and Y. Amir}, 
	booktitle=SRDS, 
	title={{Towards a Practical Survivable Intrusion Tolerant Replication System}}, 
	year={2014}, 
	month=oct,
}

@inproceedings{Zhuang:2014,
	author = {Zhuang, Rui and DeLoach, Scott. and Ou, Xinming},
	title = {{Towards a Theory of Moving Target Defense}},
	booktitle = {Proceedings of the ACM Workshop on Moving Target Defense},
	year = {2014},
	month=nov,
} 

@inproceedings{Guo:2014,
	author = {Guo, M. and Bhattacharya, P.},
	title = {{Diverse Virtual Replicas for Improving Intrusion Tolerance in Cloud}},
	booktitle = {Proceedings of the Annual Cyber and Information Security Research Conference},
	year = {2014},
	publisher = {ACM},
}

@inproceedings{Larsen:2014,
	author = {Larsen, Per and Homescu, Andrei and Brunthaler, Stefan and Franz, Michael},
	title = {{SoK: Automated Software Diversity}},
	booktitle = SP,
	year = {2014},
	month=may,
}

@ARTICLE{Wang:2014, 
	author={L. Wang and S. Jajodia and A. Singhal and P. Cheng and S. Noel}, 
	journal=TDSC, 
	title={{k-Zero Day Safety: A Network Security Metric for Measuring the Risk of Unknown Vulnerabilities}}, 
	year={2014}, 
	volume={11}, 
	number={1}, 
	pages={30-44}, 
	month={Jan},
}

@inproceedings{Ming:2015,
	author = {Jiang Ming and Dinghao Wu and Gaoyao Xiao and Jun Wang and Peng Liu},
	title = {TaintPipe: Pipelined Symbolic Taint Analysis},
	booktitle = USS,
	year = {2015},
	month=aug,
}

@inproceedings{Hosek:2015,
	author = {Hosek, Petr and Cadar, Cristian},
	title = {{VARAN the Unbelievable: An Efficient N-version Execution Framework}},
	booktitle = {Proceedings of the International Conference on Architectural Support for Programming Languages and Operating Systems},
	year = {2015},
	month=mar,
} 

@INPROCEEDINGS{Nappa:2015, 
	author={A. Nappa and R. Johnson and L. Bilge and J. Caballero and T. Dumitras}, 
	booktitle=SP, 
	title={{The Attack of the Clones: A Study of the Impact of Shared Code on Vulnerability Patching}}, 
	year={2015}, 
	month=may,
}

@INPROCEEDINGS{Yamaguchi:2015, 
	author={F. Yamaguchi and A. Maier and H. Gascon and K. Rieck}, 
	booktitle=SP, 
	title={{Automatic Inference of Search Patterns for Taint-Style Vulnerabilities}}, 
	year={2015}, 	
	month=may,
}

@inproceedings{Hawblitzel:2015,
	author = {Hawblitzel, Chris and Howell, Jon and Kapritsos, Manos and Lorch, Jay and Parno, Bryan and Roberts, Michael and Setty, Srinath and Zill, Brian},
	title = {{IronFleet: Proving Practical Distributed Systems Correct}},
	booktitle = SOSP,
	year = {2015},
	month=oct,
}

@article{Lee:2015,
	author = {Lee, Chun AND Lin, Yi AND Chen, Yaw},
	journal = {{PLoS ONE}},
	publisher = {Public Library of Science},
	title = {{A Hybrid CPU/GPU Pattern-Matching Algorithm for Deep Packet Inspection}},
	year = {2015},
	volume = {10},
	number = {10},
	pages = {1-22},
	month=oct,
}

@article{Aublin:2015,
	author = {Aublin, P. and Guerraoui, R. and Kne\v{z}evi\'{c}, N. and Qu{\'e}ma, V. and Vukoli\'{c}, M.},
	title = {{The Next 700 BFT Protocols}},
	journal = TOCS,
	volume = {32},
	number = {4},
	pages = {1--45},
	month = jan,
	year = {2015}
}

@inproceedings{Liu:2015,
	title={{Cloudy with a Chance of Breach: Forecasting Cyber Security Incidents}},
	author={Liu, Y. and Sarabi, Armin and Zhang, Jing and Naghizadeh, P. and Karir, M. and Bailey, M. and Liu, M.},
	booktitle=USS,
	year={2015},
	month=aug,
}

@inproceedings{Behl:2015,
	author = {Behl, J. and Distler, T. and Kapitza, R.},
	title = {{Consensus-Oriented Parallelization: How to Earn Your First Million}},
	booktitle = {{Proceedings of the ACM/IFIP/USENIX International Conference on Middleware}},
	year = {2015},
	month= dec,
} 

@INPROCEEDINGS{Bopche:2015, 
	author={G. S. Bopche and B. M. Mehtre}, 
	booktitle={International Conference on Advances in Computing, Communications and Informatics}, 
	title={Exploiting curse of diversity for improved network security}, 
	year={2015}, 
}

@inproceedings{Sabottke:2015,
	author = {C. Sabottke and O. Suciu and T. Dumitras},
	title = {{Vulnerability Disclosure in the Age of Social Media: Exploiting Twitter for Predicting Real-World Exploits}},
	booktitle = USS,
	year = {2015},
	month=aug,
}

@INPROCEEDINGS{Sousa:2015, 
	author={J. Sousa and A. Bessani}, 
	booktitle={Proceedings of the {IEEE} Symposium on Reliable Distributed Systems}, 
	title={{Separating the {WHEAT} from the Chaff: An Empirical Design for Geo-Replicated State Machines}}, 
	year={2015}, 
	month=sep,
}

@ARTICLE{Newell:2015, 
	author={A. Newell and D. Obenshain and T. Tantillo and C. Nita-Rotaru and Y. Amir}, 
	journal=TDSC, 
	title={{Increasing Network Resiliency by Optimally Assigning Diverse Variants to Routing Nodes}}, 
	year={2015}, 
	volume={12}, 
	number={6}, 
	pages={602-614}, 
	month={Nov},
}

@ARTICLE{Larsen:2015, 
	author={P. Larsen and S. Brunthaler and M. Franz}, 
	journal=TSP, 
	title={{Automatic Software Diversity}}, 
	year={2015}, 
	volume={13}, 
	number={2}, 
	pages={30-37}, 
	month={Mar},
}

@INPROCEEDINGS{Crane:2015,
	author = {Stephen Crane and Andrei Homescu and Stefan Brunthaler and Per Larsen and Michael Franz},
	title = {{Thwarting cache side-channel attacks through dynamic software diversity}},
	booktitle = NDSS,
	year = {2015}
}

@article{Baudry:2015,
	author = {Baudry, Benoit and Monperrus, Martin},
	title = {{The Multiple Facets of Software Diversity: Recent Developments in Year 2000 and Beyond}},
	journal = {ACM Computer Surveys},
	volume = {48},
	number = {1},
	month = sep,
	year = {2015},
	pages = {1--26},
} 

@inproceedings{David:2015,
	author = {Adrian, David and Bhargavan, Karthikeyan and Durumeric, Zakir and Gaudry, Pierrick and Green, Matthew and Halderman, J. and Heninger, Nadia and Springall, Drew and Thom{\'e}, Emmanuel and Valenta, Luke and VanderSloot, Benjamin and Wustrow, Eric and Zanella-B{\'e}guelin, Santiago and Zimmermann, Paul},
	title =  {{Imperfect Forward Secrecy: How Diffie-Hellman Fails in Practice}},
	booktitle = CCS,
	year = {2015},
	month = oct,
} 

@ARTICLE{Hong:2015, 
	author={J. Hong and D.Kim}, 
	journal=TDSC,
	title={{Assessing the Effectiveness of Moving Target Defenses Using Security Models}}, 
	year={2016}, 
	volume={13}, 
	number={2}, 
	month=mar,
	pages={163--177},
}

@inproceedings{Hu:2015,
	author = {Hong Hu and Zheng Chua and Sendroiu Adrian and Prateek Saxena and Zhenkai Liang},
	title = {{Automatic Generation of Data-Oriented Exploits}},
	booktitle = USS,
	year = {2015},
	month=aug,
}

@inproceedings{Chen:2015,
	author = {Chen, Haogang and Ziegler, Daniel and Chajed, Tej and Chlipala, Adam and Kaashoek, M. and Zeldovich, Nickolai},
	title = {{Using Crash Hoare Logic for Certifying the FSCQ File System}},
	booktitle = SOSP,
	year = {2015},	
	month=oct,
} 

@ARTICLE{George:2015, 
	author={C. George and S. Vadhiyar}, 
	journal={IEEE Transactions on Computers}, 
	title={Fault Tolerance on Large Scale Systems using Adaptive Process Replication}, 
	year={2015}, 
	volume={64}, 
	number={8}, 
	pages={2213-2225}, 
}

@INPROCEEDINGS{Huang:2016, 
	author={Z. Huang and M. DAngelo and D. Miyani and D. Lie}, 
	booktitle=SP, 
	title={{Talos: Neutralizing Vulnerabilities with Security Workarounds for Rapid Response}}, 
	year={2016}, 
	month=aug,
}

@inproceedings{Jang:2016,
	author = {Jang, Yeongjin and Lee, Sangho and Kim, Taesoo},
	title = {{Breaking Kernel Address Space Layout Randomization with Intel TSX}},
	booktitle = CCS,
	year = {2016},
	month=oct,
} 

@ARTICLE{Zhang:2016, 
	author={M. Zhang and L. Wang and S. Jajodia and A. Singhal and M. Albanese}, 
	journal={IEEE Transactions on Information Forensics and Security}, 
	title={{Network Diversity: A Security Metric for Evaluating the Resilience of Networks Against Zero-Day Attacks}}, 
	year={2016}, 
	volume={11}, 
	number={5}, 
	pages={1071--1086}, 
	month=jan,
}


@inproceedings{King:2016,
	author = {Williams-King, David and Gobieski, Graham and Williams-King, Kent and Blake, James and Yuan, Xinhao and Colp, Patrick and Zheng, Michelle and Kemerlis, Vasileios and Yang, 		Junfeng and Aiello, William},
	title = {{Shuffler: Fast and Deployable Continuous Code Re-randomization}},
	booktitle = OSDI,
	year=2016,
	month=nov,
} 

@inproceedings{Co:2016,
	author = {Co, Michele and Davidson, Jack W. and Hiser, Jason D. and Knight, John C. and Nguyen-Tuong, Anh and Weimer, Westley and Burket, Jonathan and Frazier, Gregory L. and Frazier, Tiffany M. and Dutertre, Bruno and Mason, Ian and Shankar, Natarajan and Forrest, Stephanie},
	title = {{Double Helix and RAVEN: A System for Cyber Fault Tolerance and Recovery}},
	booktitle = {Proceedings of the Annual Cyber and Information Security Research Conference},
	year = {2016},
	pages = {17:1--17:4},
	numpages = {4},
	publisher = {ACM},
} 

@inproceedings{Liao:2016,
	title={{Acing the IOC Game: Toward Automatic Discovery and Analysis of Open-source Cyber Threat Intelligence}},
	author={Liao, X. and Yuan, K. and Wang, X. and Li, Z. and Xing, L. and Beyah, R.},
	booktitle=CCS,
	year={2016},
	month=oct,
}

@inproceedings{Alagappan:2016,
	author = {Ramnatthan Alagappan and Aishwarya Ganesan and Yuvraj Patel and Thanumalayan Pillai and Andrea Arpaci-Dusseau and Remzi Arpaci-Dusseau},
	title = {{Correlated Crash Vulnerabilities}},
	booktitle = OSDI,
	year = {2016},
	month =nov,
}

@ARTICLE{Garcia:2016, 
	author={M. Garcia and N. Neves and A. Bessani}, 
	journal=TDSC, 
	title={{SieveQ: A Layered BFT Protection System for Critical Services}}, 
	year={2018}, 
	volume={15}, 
	number={3}, 
	pages={511-525}, 
	month=may,
}

@INPROCEEDINGS{Garcia:2016b, 
	author={M. Garcia and A. Bessani and N. Neves}, 
	booktitle= "Poster session in " # EUROSYS, 
	title={{Towards an Execution Environment for Intrusion-Tolerant Systems}}, 
	year={2016}, 
	month=jun,
}

@INPROCEEDINGS{Stephens:2016, 
	author={N. Stephens and J. Grosen and C. Salls and A. Dutcher and R. Wang and J. Corbetta and Y. Shoshitaishvili and C. Kruegel and G. Vigna}, 
	booktitle=NDSS, 
	title={{Driller: Augmenting Fuzzing Through Selective Symbolic Execution}}, 
	year={2013}, 
	month=feb,
}

@ARTICLE{Knight:2016, 
	author={J. Knight and J. Davidson and A. Nguyen-Tuong and J. Hiser and M. Co}, 
	journal={Computer}, 
	title={{Diversity in Cybersecurity}}, 
	year={2016}, 
	volume={49}, 
	number={4}, 
	pages={94-98}, 
	month={Apr},
}

@inproceedings {Xu:2016,
	author = {Tianyin Xu and Xinxin Jin and Peng Huang and Yuanyuan Zhou and Shan Lu and Long Jin and Shankar Pasupathy},
	title = {{Early Detection of Configuration Errors to Reduce Failure Damage}},
	booktitle = OSDI,
	year = {2016},
	month=nov,
}

@inproceedings {Liu:2016,
	author = {S. Liu and P. Viotti and C. Cachin and V. Quema and M. Vukolic},
	title = {{XFT: Practical Fault Tolerance Beyond Crashes}},
	booktitle = OSDI,
	year = {2016},
	month=nov,
}

@inproceedings{Bilge:2017,
	author = {Bilge, Leyla and Han, Yufei and Dell'Amico, Matteo},
	title = {{RiskTeller: Predicting the Risk of Cyber Incidents}},
	booktitle = CCS,
	year = {2017},
	month=oct,
} 

@INPROCEEDINGS{Kim:2017a, 
	author={S. Kim and S. Woo and H. Lee and H. Oh}, 
	booktitle=SP, 
	title={{VUDDY: A Scalable Approach for Vulnerable Code Clone Discovery}}, 
	year={2017},
	month=may,
}

@inproceedings {Kim:2017b,
	author = {Su Kim and Sangho Lee and Insu Yun and Wen Xu and Byoungyoung Lee and Youngtae Yun and Taesoo Kim},
	title = {{CAB-Fuzz: Practical Concolic Testing Techniques for {COTS} Operating Systems}},
	booktitle = ATC,
	year = {2017},
	month=jul,
}

@inproceedings{vanderVeen:2017,
	author = {van der Veen, Victor and Andriesse, Dennis and Stamatogiannakis, Manolis and Chen, Xi and Bos, Herbert and Giuffrdia, Cristiano},
	title = {{The Dynamics of Innocent Flesh on the Bone: Code Reuse Ten Years Later}},
	booktitle = CCS,
	year = {2017},
	month=oct,
} 


@inproceedings{Xu:2017a,
	author = {Meng Xu and Taesoo Kim},
	title = {{PlatPal: Detecting Malicious Documents with Platform Diversity}},
	booktitle = USS,
	year = {2017},
}

@inproceedings {Xu:2017c,
	author = {Meng Xu and Kangjie Lu and Taesoo Kim and Wenke Lee},
	title = {{Bunshin: Compositing Security Mechanisms through Diversification}},
	booktitle = ATC,
	year = {2017},
	month=jul,
}

@inproceedings{Xu:2017b,
	author = {Xu, Xiaojun and Liu, Chang and Feng, Qian and Yin, Heng and Song, Le and Song, Dawn},
	title = {{Neural Network-based Graph Embedding for Cross-Platform Binary Code Similarity Detection}},
	booktitle = CCS,
	year = {2017},
	month=oct,
} 


@INPROCEEDINGS{Syta:2017, 
	author={E. Syta and P. Jovanovic and E. Kogias and N. Gailly and L. Gasser and I. Khoffi and M. Fischer and B. Ford}, 
	booktitle=SP, 
	title={{Scalable Bias-Resistant Distributed Randomness}}, 
	year={2017}, 
	month=may,
}


@inproceedings {Xu:2017,
	author = {Meng Xu and Taesoo Kim},
	title = {{PlatPal: Detecting Malicious Documents with Platform Diversity}},
	booktitle =USS,
	year = {2017},
	month=aug,
}

@article{Seondong:2017,
	title={{Designing and Implementing a Diversity Policy for Intrusion-Tolerant Systems}},
	author={Seondong Heo and Soojin Lee and Bumsoon Jang and Hyunsoo Yoon},
	journal={IEICE Transactions on Information and Systems},
	volume={E100.D},
	number={1},
	pages={118-129},
	year={2017},
	month=jan,
}

@inproceedings{Nelson:2017,
	author = {Nelson, Luke and Sigurbjarnarson, Helgi and Zhang, Kaiyuan and Johnson, Dylan and Bornholt, James and Torlak, Emina and Wang, Xi},
	title = {{Hyperkernel: Push-Button Verification of an OS Kernel}},
	booktitle = SOSP,
	year = {2017},
	month =oct,
} 

@inproceedings{Allodi:2017,
	author = {Allodi, Luca},
	title = {{Economic Factors of Vulnerability Trade and Exploitation}},
	booktitle = CCS,
	year = {2017},
	month =oct,
}


@INPROCEEDINGS{Xiao:2017, 
	author={G. Xiao and Z. Zheng and B. Yin and K. S. Trivedi and X. Du and K. Cai}, 
	booktitle={Proceedings of the IEEE International Symposium on Software Reliability Engineering}, 
	title={Experience Report: Fault Triggers in Linux Operating System: from Evolution Perspective}, 
	year={2017}, 
}

@inproceedings{Behl:2017,
	author = {Behl, J. and Distler, T. and Kapitza, R.},
	title = {{Hybrids on Steroids: SGX-Based High Performance BFT}},
	booktitle = EUROSYS,
	year = {2017},
	month=apr,
} 

@INPROCEEDINGS{Gorbenko:2017, 
	author={A. Gorbenko and A. Romanovsky and O. Tarasyuk and O. Biloborodov}, 
	booktitle={Proceedings of the International Symposium on Software Reliability Engineering}, 
	title={{Experience Report: Study of Vulnerabilities of Enterprise Operating Systems}}, 
	year={2017}, 
	month=oct,
}

@misc{Kaspersky:2017,
	author        = "Kaspersky Lab",
	title         = "{{The State of Industrial Cybersecurity 2017}}",
	howpublished	= "https://go.kaspersky.com/rs/802-IJN-240/images/ICS%20WHITE%20PAPER.pdf",
	year          = "2017"
}

@misc{Symantec:2017,
	author        = "Symantec",
	title         = "{{Internet Security Threat Report}}",
	howpublished	= "\url{https://www.symantec.com/content/dam/symantec/docs/reports/istr-22-2017-en.pdf}",
	year          = "2017"
}

@Article{Kheir:2017,
	author="Kheir, Nizar and Mahjoub, A. Ridha and Naghmouchi, M. Yassine and Perrot, Nancy and Wary, Jean-Philippe",
	title={{Assessing the risk of complex ICT systems}},
	journal="Annals of Telecommunications",
	year="2017",
	month="Dec",
	issn="1958-9395",
}

@INPROCEEDINGS{Marques:2018,
	author={P. Marques and Z. Dabbabi and M-M. Mironescu and O. Thonnard and A. Bessani and F. Buontempo and I. Gashi},
	booktitle={IEEE Pacific Rim International Symposium on Dependable Computing},
	title={{Detecting Malicious Web Scraping Activity: a Study with Diverse Detectors}},
	year={2018},
}


@inproceedings{Breindenbach:2018,
	author = {Lorenz Breindenbach and Phil Daian and Florian Tram{\`e}r and Ari Juels},
	title = {{Enter the Hydra: Towards Principled Bug Bounties and Exploit-Resistant Smart Contracts}},
	booktitle = USS,
	year = {2018},
}

@Inproceedings{Nogueira:2018,
	author = {A. Nogueira and M. Garcia and A. Bessani and N. Neves}, 
	title =  {{On the Challenges of Building a BFT SCADA}}, 
	booktitle = DSN, 
	year = {2018}, 
	month=jun,
}

@inproceedings{Rahli:2018,
	author = {Rahli, Vincent and Vukotic, Ivana and Volp, Marcus and Ver{\'i}ssimo, Paulo},
	title = {{Velisarios: Byzantine Fault-Tolerant Protocols Powered by Coq}},
	booktitle = {Proceedings of the European Symposium on Programming},
	year = {2018},
	month=apr,
} 

@inproceedings{Sousa:2018,
	author = {{Sousa}, J. and {Bessani}, A. and {Vukoli{\'c}}, M.},
	title = {{A Byzantine Fault-Tolerant Ordering Service for the Hyperledger Fabric Blockchain Platform}},
	booktitle = DSN,
	year = 2018,
	month=jun,
}

@inproceedings{Androulaki:2018,
	author = {Androulaki, Elli and Barger, Artem and Bortnikov, Vita and Cachin, Christian and Christidis, Konstantinos and De Caro, Angelo and Enyeart, David and Ferris, Christopher and Laventman, Gennady and Manevich, Yacov and Muralidharan, Srinivasan and Murthy, Chet and Nguyen, Binh and Sethi, Manish and Singh, Gari and Smith, Keith and Sorniotti, Alessandro and Stathakopoulou, Chrysoula and Vukoli\'{c}, Marko and Cocco, Sharon and Yellick, Jason},
	title = {{Hyperledger Fabric: A Distributed Operating System for Permissioned Blockchains}},
	booktitle = EUROSYS,
	year = {2018},
	month = may,
} 


@INPROCEEDINGS{Gan:2018,
	author = {S. Gan and C. Zhang and X. Qin and X. Tu and K. Li and Z. Pei and Z. Chen},
	booktitle = SP,
	title = {{CollAFL: Path Sensitive Fuzzing}},
	year = {2018},
	month=may,
}


@INPROCEEDINGS{Votipka:2018,
	author = {D. Votipka and R. Stevens and E. Redmiles and J. Hu and M. Mazurek},
	booktitle = SP,
	title = {{Hackers vs. Testers: A Comparison of Software Vulnerability Discovery Processes}},
	year = 2018,
	month=may,
}

@INPROCEEDINGS{Koo:2018,
	author = {H. Koo and Y. Chen and L. Lu and V. Kemerlis and M. Polychronakis},
	booktitle =SP,
	title = {{Compiler-assisted Code Randomization}},
	year = {2018},
	month=may,
}

%%%	MISC	%%%%
@misc{Harkins:1998,
	author = {D. Harkins and D. Carrel},
	title = {The {Internet Key Exchange}},
	year = {1998},
	month=nov,
   	HOWPUBLISHED = "{\url{http://tools.ietf.org/rfc/rfc2409.txt}}",
}

@misc{nvd,
	author        = "{National Institute of Standards and Technology}",
	title =	 "{National Vulnerability Database}",
	howpublished = "{\url{http://nvd.nist.gov/}}",
	note=DATE
}

@misc{cveterm,
	author={Mitre},
	title = {{CVE Terminology}},
	howpublished = {\url{http://cve.mitre.org/about/terminology.html}},
	note=DATE
}

@misc{cpe,
	author={Mitre},
	title  ={{Common Platform Enumeration}},
	howpublished = {\url{http://cpe.mitre.org/}},
	note=DATE
}

@misc{cvss,
	author ={CVSS},
	title  = {{Common Vulnerability Scoring System}},
	howpublished   = "\url{https://www.first.org/cvss/}",
	note=DATE
}

@misc{Ethernodes,
	author ={Ethernodes.org},
	title  = {{The Ethereum Nodes Explorer}},
	howpublished   = "\url{https://www.ethernodes.org}",
	note=DATE
}

@misc{Ethstats,
	author ={Ethstats},
	title  = {{Ethereum Stats}},
	howpublished   = "\url{https://ethstats.net/}",
	note=DATE
}

@misc{weka,
	author ={\relax Machine Learning Group at the University of Waikato},
	title  = {{WEKA}},
	howpublished   = "\url{http://www.cs.waikato.ac.nz/ml/weka/}",
	note=DATE
}

@misc{edb,
	author={\relax{Exploit Database}},
	title =	{{Offensive Security’s Exploit Database Archive}},
	howpublished = "{\url{https://www.exploit-db.com/}}",
	note=DATE
}

@misc{cvedetails,
	author={\relax{CVE Details}},
	title  ={{The Ultimate Security Vulnerability Datasource}},
	howpublished = {\url{http://www.cvedetails.com/}},
	note=DATE
}

@misc{ubuntu,
	author = {Ubuntu},
	title = {{Ubuntu Security Notices}},
	howpublished = {\url{https://usn.ubuntu.com/usn/}},
	note=DATE
}

@misc{debian,
	author = {Debian},
	title = {{Debian Security Tracker}},
	howpublished = {\url{https://security-tracker.debian.org/tracker/}},
	note=DATE
}

@misc{solaris,
	author = {Oracle},
	title = {{Map of CVE to Advisory/Alert}},
	howpublished = {\url{https://www.oracle.com/technetwork/topics/security/public-vuln-to-advisory-mapping-093627.html}},
	note = DATE
}

@misc{redhat,
	author = {RedHat},
	title = {{RedHat CVE Database}},
	howpublished = {\url{https://access.redhat.com/security/cve/}},
	note = DATE
}

@misc{freebsd,
	author = {FreeBSD},
	title = {{FreeBSD Advisories}},
	howpublished = {\url{https://www.freebsd.org/security/advisories.html}},
	note = DATE
}

@misc{microsoft,
	author = {Microsoft},
	title = {{Microsoft Security Advisories and Bulletins}},
	howpublished = {\url{https://technet.microsoft.com/en-us/library/security/}},
	note=DATE
}

@misc{virtualbox,
	author={\relax Oracle},
	title =	 {{VirtualBox}},
	howpublished = "{\url{https://www.virtualbox.org/}}",
	note=DATE
}

@misc{pyloris,
	author ="Pyloris",
	title="Pyloris",
	howpublished = "{\url{https://sourceforge.net/projects/pyloris/}}",
	year = DATE
}

@misc{guava,
	author ="Google",
	title="Guava",
	howpublished = "{\url{https://code.google.com/p/guava-libraries/}}",
	year = DATE
}

@misc{iptables,
	author = {Netfilter},
	title = {The netfilter.org project},
	note=DATE,
	howpublished = "{\url{http://www.netfilter.org/}}"
}

@misc{vagrant,
	author={HashiCorp},
	title =	 "{Vagrant}",
	howpublished = "{\url{https://www.vagrantup.com/}}",
	note = DATE
}

@misc{vagrantcloud,
	author={HashiCorp},
	title =	 "{Vagrant Cloud}",
	howpublished = "{\url{https://app.vagrantup.com/boxes/search}}",
	note = DATE
}

@misc{snort,
	author={Snort},
	title =	{{Network Intrusion Detection \& Prevention System}},
	howpublished = "{\url{https://www.snort.org/}}",
	note=DATE,
}

@misc{sgx,
	title={{Intel Software Guard Extensions: EPID Provisioning and Attestation Services}},
	author="{Intel}",
	howpublished={\url{https://software.intel.com/sites/default/files/managed/ac/40/2016\%20WW10\%20sgx\%20provisioning\%20and\%20attesatation\%20final.pdf}},
	note=DATE
}

@misc{juniper,
	author   = {{Juniper Networks}},
	title     = {{Juniper Networks Security}},
	howpublished = {\url{http://www.juniper.net/us/en/products-services/security/}},
	note=DATE
}

@misc{paloalto,
	author   = {{Palo Alto}},
	title     = {{Palo Alto Networks}},
	howpublished = {\url{http://www.paloaltonetworks.com/products/platforms/PA-5000\_Series.html}},
	note=DATE
}

@misc{sonicwall,
	author   = {{Dell}},
	title     = {{Sonicwall}},
	howpublished         = {\url{http://www.sonicwall.com/us/en/products/network-security.html}},
	note=DATE
}

@misc{dragonfly:2014,
	author               = {Symantec},
	organization         = {Symantec},
	publisher            = {Symantec},
	title                = {{Dragonfly: Cyberespionage Attacks Against Energy Suppliers}},
	howpublished         = {\url{http://www.symantec.com/content/en/us/enterprise/media/security_response/whitepapers/Dragonfly_Threat_Against_Western_Energy_Suppliers.pdf}},
	note="2014-7-7"
}

@misc{cisco1,
	author = {Cisco},
	title = {{Multiple Vulnerabilities in Firewall Services Module}},
	howpublished = "\url{http://tools.cisco.com/security/center/content/CiscoSecurityAdvisory/cisco-sa-20070214-fwsm}",
	note="2007-2-14"
}

@misc{cisco2,
	author = {Cisco},
	title = {{Multiple Vulnerabilities in {Cisco} Firewall Services Module}},
	howpublished = "\url{http://tools.cisco.com/security/center/content/CiscoSecurityAdvisory/cisco-sa-20121010-fwsm}",
	note="2012-10-10"
}


@misc{Chauhan:2011,
	title = {{Is Firewall and Antivirus Hacker's Best Friend?}},
	author = {Chauhan, J. and Roy, R.},
	year = {2011},
	institution = {iViZ Techno Solutions Pvt Ltd},
	month = jan,
	howpublished="{\url{http://www.ivizsecurity.com/blog/wp-content/uploads/2011/02/Vulnerability-Trends-in-Security-Products-upto-Year-2010.pdf}}"
}

@misc{cvssv2,
	author ={CVSSv2},
	title  = "{Common Vulnerability Scoring System}",
	howpublished   = "\url{https://www.first.org/cvss/v2/guide}",
	note = DATE
}

@misc{cvssv3,
	author ={CVSSv3},
	title  = "{Common Vulnerability Scoring System}",
	howpublished   = "\url{https://www.first.org/cvss/specification-document}",
	note = DATE
}

@misc{eclipsescada,
	author        = "Eclipse",
	title         = "{{NeoSCADA}}",
	howpublished           = "\url{https://www.eclipse.org/eclipsescada/}",
	note = DATE
}

@misc{wannacry,
	title="{WannaCry Ransomware Spreads Across the Globe, Makes Organizations Wanna Cry About Microsoft Vulnerability}",
	author="{L. Kessem}",
	organization         = {Security Intelligence},
	howpublished={\url{https://securityintelligence.com/wannacry-ransomware-spreads-across-the-globe-makes-organizations-wanna-cry-about-microsoft-vulnerability/}},
	note = {2017-5-14},
}

@misc{stacklash,
	title="{{Stack Clash Linux Vulnerability: You Need to Patch Now}}",
	author="{B. Brenner}",
	howpublished={\url{https://nakedsecurity.sophos.com/2017/06/20/stack-clash-linux-vulnerability-you-need-to-patch-now/}},
	note = {2017-6-20},
}

@misc{petya,
	title="{Petya ransomware outbreak: Here's what you need to know}",
	author="{Symantec Security Response}",
	howpublished={\url{https://www.symantec.com/blogs/threat-intelligence/petya-ransomware-wiper}},
	note = {2017-10-24},
}

@misc{bitcoin,
	title="{A Major Bug In Bitcoin Software Could Have Crashed the Currency}",
	author="{J. Pearson}",
	howpublished={\url{https://motherboard.vice.com/amp/en_us/article/qvakp3/a-major-bug-in-bitcoin-software-could-have-crashed-the-currency?}},
	note = {2018-9-19},
}


@misc{idrac,
	title="{The Integrated Dell Remote Access Controller}",
	author="{Dell}",
	howpublished={\url{https://www.dell.com/support/contents/us/en/04/article/product-support/self-support-knowledgebase/enterprise-resource-center/systemsmanagement/idrac}},
	note = DATE,
}

@misc{rhimes,
	author={B. Freeman},
	title =	 {{A New Defense for Navy Ships: Protection from Cyber Attacks}},
	howpublished = "{\url{https://www.onr.navy.mil/en/Media-Center/Press-Releases/2015/RHIMES-Cyber-Attack-Protection.aspx}}",
	note = {2015-9-17},
}

@misc{google_reward,
	title="{Google Vulnerability Reward Program Rules}",
	author="{Google}",
	howpublished={\url{https://www.google.com/about/appsecurity/reward-program/index.html}},
	note = DATE,
}

@misc{microsoft_bounty,
	title="{Microsoft Bug Bounty Program}",
	author="{Microsoft}",
	howpublished={\url{https://technet.microsoft.com/en-us/library/dn425036.aspx}},
	note = DATE,
}

@misc{solaris_report,
	title="{Oracle Solaris Third Party Bulletin}",
	author="{Oracle Solaris}",
	howpublished={\url{https://www.oracle.com/technetwork/topics/security/bulletinjul2016-3090568.html}},
	note = DATE,
}

@misc{stuxnet:2010,
	author               = {Falliere, N.},
	publisher            = {Symantec},
	title                = {{Exploring Stuxnet's PLC Infection Process}},
	howpublished         = {\url{http://www.symantec.com/connect/blogs/exploring-stuxnet-s-plc-infection-process}},
	year                 = {2010},
}

@misc{linux_kernel,
	title="{The Linux Kernel Gained 2.5 Million Lines Of Code, 71k Commits In 2017}",
	author="{M. Larabel}",
	howpublished={\url{https://www.phoronix.com/scan.php?page=news_item&px=Linux-Kernel-Commits-2017}},
	note = DATE,
}

@misc{darpa,
	title="{The Cyber Grand Challenge}",
	author="{Defense Advanced Research Projects Agency}",
	howpublished={\url{https://www.darpa.mil/program/cyber-grand-challenge}},
	note = DATE,
}

@misc{facebook_whitehat,
	title="{Facebook Bug Bounty Program}",
	author="{Facebook}",
	howpublished={\url{https://www.facebook.com/whitehat}},
	note = {2018-9-12},
}

@misc{dns_root,
	title="{DNS root server FAQ}",
	author="{L. Liman}",
	howpublished={\url{https://www.netnod.se/dns/dns-root-server-faq}},
	note = DATE,
}

@misc{amazonblockchain,
	title="{Amazon Managed Blockchain}",
	author="{Amazon}",
	howpublished={\url{https://aws.amazon.com/managed-blockchain/}},
	note = DATE,
}

@misc{ibmblockchain,
	title="{IBM Blockchain}",
	author="{IBM}",
	howpublished={\url{https://www.ibm.com/blockchain/platform}},
	note = DATE,
}

@misc{razor,
	title="{How Razor Works}",
	author="{Puppet}",
	howpublished={\url{https://puppet.com/docs/pe/2019.0/how_razor_works.html}},
	note = DATE,
}

